%% This BibTeX bibliography file was created using BibDesk.
%% http://bibdesk.sourceforge.net/


%% Created for Ahmed Bou-Rabee at 2017-03-10 22:59:25 -0600 


%% Saved with string encoding Unicode (UTF-8) 



@article{preston1975spatial,
	Author = {Preston, Chris},
	Date-Added = {2017-03-11 04:59:24 +0000},
	Date-Modified = {2017-03-11 04:59:24 +0000},
	Journal = {Advances in applied probability},
	Number = {03},
	Pages = {465--466},
	Publisher = {Cambridge Univ Press},
	Title = {Spatial birth and death processes},
	Volume = {7},
	Year = {1975}}

@article{stephens2000bayesian,
	Author = {Stephens, Matthew},
	Date-Added = {2017-03-02 15:39:52 +0000},
	Date-Modified = {2017-03-02 15:39:52 +0000},
	Journal = {Annals of statistics},
	Pages = {40--74},
	Publisher = {JSTOR},
	Title = {Bayesian analysis of mixture models with an unknown number of components-an alternative to reversible jump methods},
	Year = {2000}}

@article{foygel2015p,
	Author = {Foygel Barber, Rina and Ramdas, Aaditya},
	Date-Added = {2017-02-08 23:53:14 +0000},
	Date-Modified = {2017-02-08 23:53:14 +0000},
	Journal = {arXiv preprint arXiv:1512.03397},
	Title = {The p-filter: multi-layer FDR control for grouped hypotheses},
	Year = {2015}}

@article{poldrack2013toward,
	Author = {Poldrack, Russell A and Barch, Deanna M and Mitchell, Jason and Wager, Tor and Wagner, Anthony D and Devlin, Joseph T and Cumba, Chad and Koyejo, Oluwasanmi and Milham, Michael},
	Date-Added = {2017-02-08 23:17:36 +0000},
	Date-Modified = {2017-02-08 23:17:36 +0000},
	Journal = {Frontiers in neuroinformatics},
	Pages = {12},
	Publisher = {Frontiers},
	Title = {Toward open sharing of task-based fMRI data: the OpenfMRI project},
	Volume = {7},
	Year = {2013}}

@book{huettel2004functional,
	Author = {Huettel, Scott A and Song, Allen W and McCarthy, Gregory},
	Date-Added = {2017-02-08 22:51:22 +0000},
	Date-Modified = {2017-02-08 22:51:22 +0000},
	Publisher = {Sinauer Associates Sunderland},
	Title = {Functional magnetic resonance imaging},
	Volume = {1},
	Year = {2004}}
